@article{quetschlich2025mqtpredictor,
	title        = {{MQT Predictor: Automatic Device Selection with Device-Specific Circuit Compilation for Quantum Computing}},
	author       = {N. Quetschlich and L. Burgholzer and R. Wille},
	year         = 2025,
	journal      = {ACM Transactions on Quantum Computing (TQC)},
	doi          = {10.1145/3673241},
	eprint       = {2310.06889},
	eprinttype   = {arxiv}
}
@inproceedings{quetschlich2024application_compilation,
	title        = {{Towards Application-Aware Quantum Circuit Compilation}},
	author       = {N. Quetschlich and F. J. Kiwit and M. A. Wolf and C. A. Riofrio and A. Luckow and L. Burgholzer and R. Wille},
	year         = 2024,
	booktitle    = {IEEE International Conference on Quantum Software (QSW)},
	eprint       = {2404.12433},
	eprinttype   = {arXiv}
}
@inproceedings{quetschlich2023prediction,
	title        = {{Predicting Good Quantum Circuit Compilation Options}},
	author       = {N. Quetschlich and L. Burgholzer and R. Wille},
	year         = 2023,
	booktitle    = {IEEE International Conference on Quantum Software (QSW)},
	eprint       = {2210.08027},
	eprinttype   = {arxiv}
}
@inproceedings{quetschlich2023compileroptimization,
	title        = {{Compiler Optimization for Quantum Computing Using Reinforcement Learning}},
	author       = {N. Quetschlich and L. Burgholzer and R. Wille},
	year         = 2023,
	booktitle    = {{Design Automation Conference (DAC)}},
	eprint       = {2212.04508},
	eprinttype   = {arxiv}
}
@misc{tomesh2022supermarq,
	title        = {SupermarQ: A Scalable Quantum Benchmark Suite},
	author       = {Teague Tomesh and Pranav Gokhale and Victory Omole and Gokul Subramanian Ravi and Kaitlin N. Smith and Joshua Viszlai and Xin-Chuan Wu and Nikos Hardavellas and Margaret R. Martonosi and Frederic T. Chong},
	year         = 2022,
	eprint       = {2202.11045},
	eprinttype   = {arxiv}
}
@article{esp-idle,
	title        = {Suppressing Quantum Circuit Errors Due to System Variability},
	author       = {Nation, Paul D. and Treinish, Matthew},
	year         = 2023,
	journal      = {PRX Quantum},
	doi          = {10.1103/PRXQuantum.4.010327},
	url          = {https://link.aps.org/doi/10.1103/PRXQuantum.4.010327},
}
@misc{esp-lifetime,
	title        = {Clifford Assisted Optimal Pass Selection for Quantum Transpilation},
	author       = {Siddharth Dangwal and Gokul Subramanian Ravi and Lennart Maximilian Seifert and Frederic T. Chong},
	year         = 2023,
	url          = {https://arxiv.org/abs/2306.15020},
	note         = {arXiv 2306.15020},
	eprint       = {2306.15020},
	archiveprefix = {arXiv},
	primaryclass = {quant-ph}
}
@inproceedings{esp-lifetime-min,
        title={Software Mitigation of Crosstalk on Noisy Intermediate-Scale Quantum Computers},
        url={http://dx.doi.org/10.1145/3373376.3378477},
        DOI={10.1145/3373376.3378477},
        booktitle={Proceedings of the Twenty-Fifth Int'l Conf. on Architectural Support for Programming Languages and Operating Systems},
        author={Murali, Prakash and Mckay, David C. and Martonosi, Margaret and Javadi-Abhari, Ali},
        year={2020}
}
