@article{rodriguez2024unified,
    title={Unified knowledge-driven network inference from omics data},
    author={Rodriguez-Mier, Pablo and Garrido-Rodriguez, Martin and Gabor, Attila and Saez-Rodriguez, Julio},
    journal={bioRxiv},
    pages={10},
    year={2024},
    publisher={Cold Spring Harbor Laboratory}
}

@article{liu2019expression,
    title={From expression footprints to causal pathways: contextualizing large signaling networks with CARNIVAL},
    author={Liu, Anika and Trairatphisan, Panuwat and Gjerga, Enio and Didangelos, Athanasios and Barratt, Jonathan and Saez-Rodriguez, Julio},
    journal={NPJ systems biology and applications},
    volume={5},
    number={1},
    pages={40},
    year={2019},
    publisher={Nature Publishing Group UK London}
}

@article{terfve2015large,
    title={Large-scale models of signal propagation in human cells derived from discovery phosphoproteomic data},
    author={Terfve, Camille DA and Wilkes, Edmund H and Casado, Pedro and Cutillas, Pedro R and Saez-Rodriguez, Julio},
    journal={Nature communications},
    volume={6},
    number={1},
    pages={8033},
    year={2015},
    publisher={Nature Publishing Group UK London}
}

@article{gjerga2021phonemes,
    title={PHONEMeS: efficient modeling of signaling networks derived from large-scale mass spectrometry data},
    author={Gjerga, Enio and Dugourd, Aurelien and Tobalina, Luis and Sousa, Abel and Saez-Rodriguez, Julio},
    journal={Journal of Proteome Research},
    volume={20},
    number={4},
    pages={2138--2144},
    year={2021},
    publisher={ACS Publications}
}

@article{orth2010flux,
    title={What is flux balance analysis?},
    author={Orth, Jeffrey D and Thiele, Ines and Palsson, Bernhard {\O}},
    journal={Nature biotechnology},
    volume={28},
    number={3},
    pages={245--248},
    year={2010},
    publisher={Nature Publishing Group}
}

@article{savinell1992network,
    title={Network analysis of intermediary metabolism using linear optimization. I. Development of mathematical formalism},
    author={Savinell, Joanne M and Palsson, Bernhard O},
    journal={Journal of theoretical biology},
    volume={154},
    number={4},
    pages={421--454},
    year={1992},
    publisher={Elsevier}
}

@article{shlomi2008network,
    title={Network-based prediction of human tissue-specific metabolism},
    author={Shlomi, Tomer and Cabili, Moran N and Herrg{\aa}rd, Markus J and Palsson, Bernhard {\O} and Ruppin, Eytan},
    journal={Nature biotechnology},
    volume={26},
    number={9},
    pages={1003--1010},
    year={2008},
    publisher={Nature Publishing Group US New York}
}
