@ARTICLE{quetschlich2025mqtpredictor,
    AUTHOR      = {N. Quetschlich and L. Burgholzer and R. Wille},
    TITLE       = {{MQT Predictor: Automatic Device Selection with Device-Specific Circuit Compilation for Quantum Computing}},
    YEAR        = {2025},
    JOURNAL     = {ACM Transactions on Quantum Computing (TQC)},
    DOI         = {10.1145/3673241},
    EPRINT      = {2310.06889},
    EPRINTTYPE  = {arxiv},
}
