% Microglia papers:
@article{Nimmerjahn:2005,
    author = {Axel Nimmerjahn  and Frank Kirchhoff  and Fritjof Helmchen },
    title = {Resting Microglial Cells Are Highly Dynamic Surveillants of Brain Parenchyma in Vivo},
    journal = {Science},
    volume = {308},
    number = {5726},
    pages = {1314-1318},
    year = {2005},
    doi = {10.1126/science.1110647},
    URL = {https://www.science.org/doi/abs/10.1126/science.1110647},
    eprint = {https://www.science.org/doi/pdf/10.1126/science.1110647},
}

@article{Prinz:2019,
  title     = {Microglia Biology: One Century of Evolving Concepts},
  author    = {Marco Prinz and Steffen Jung and Josef Priller},
  journal   = {Cell},
  volume    = {179},
  number    = {2},
  pages     = {292--311},
  year      = {2019},
  publisher = {Elsevier},
  issn      = {0092-8674},
  doi       = {10.1016/j.cell.2019.08.053},
  url       = {https://doi.org/10.1016/j.cell.2019.08.053}
}


@article{Fuhrmann:2010,
  author = {Martin Fuhrmann and Tobias Bittner and Christian K. E. Jung and Steffen Burgold and Richard M. Page and Gerda Mitteregger and Christian Haass and Frank M. LaFerla and Hans Kretzschmar and Jochen Herms},
	date = {2010/04/01},
	doi = {10.1038/nn.2511},
	id = {Fuhrmann2010},
	isbn = {1546-1726},
	journal = {Nature Neuroscience},
	number = {4},
	pages = {411--413},
	title = {Microglial Cx3cr1 knockout prevents neuron loss in a mouse model of Alzheimer's disease},
	url = {https://doi.org/10.1038/nn.2511},
	volume = {13},
	year = {2010},
}


@article {Nebeling:2023,
  article_type = {journal},
  title = {Microglial motility is modulated by neuronal activity and correlates with dendritic spine plasticity in the hippocampus of awake mice},
  author = {Felix Christopher Nebeling and Stefanie Poll and Lena Christine Justus and Julia Steffen and Kevin Keppler and Manuel Mittag and Martin Fuhrmann},
  editor = {Colgin, Laura L and Majewska, Ania K},
  volume = 12,
  year = 2023,
  month = {feb},
  pub_date = {2023-02-07},
  pages = {e83176},
  citation = {eLife 2023;12:e83176},
  doi = {10.7554/eLife.83176},
  url = {https://doi.org/10.7554/eLife.83176},
  keywords = {microglia, hippocampus, two-photon, dendritic spines, chemogenetics},
  journal = {eLife},
  issn = {2050-084X},
  publisher = {eLife Sciences Publications, Ltd},
}

@article{Tremblay:2010,
    doi = {10.1371/journal.pbio.1000527},
    author = {Marie-Ève Tremblay and Rebecca L. Lowery and Ania K. Majewska},
    journal = {PLOS Biology},
    publisher = {Public Library of Science},
    title = {Microglial Interactions with Synapses Are Modulated by Visual Experience},
    year = {2010},
    month = {11},
    volume = {8},
    url = {https://doi.org/10.1371/journal.pbio.1000527},
    pages = {1-16},
    abstract = {Microglia, the brain's immune cells, show unique interactions with nearby synaptic elements under non-pathological conditions that are sensitive to changes in sensory experience.},
    number = {11},
}

% Multi-photon imaging:
@article{Denk:1990,
    author = {Winfried Denk  and James H. Strickler  and Watt W. Webb },
    title = {Two-Photon Laser Scanning Fluorescence Microscopy},
    journal = {Science},
    volume = {248},
    number = {4951},
    pages = {73-76},
    year = {1990},
    doi = {10.1126/science.2321027},
    URL = {https://www.science.org/doi/abs/10.1126/science.2321027},
    eprint = {https://www.science.org/doi/pdf/10.1126/science.2321027},
}

@article{Helmchen:2001,
    author = {Fritjof Helmchen  and Winfried Denk},
    title = {Deep tissue two-photon microscopy},
    journal = {Nature Methods},
    volume = {2},
    number = {12},
    pages = {932-940},
    year = {2005},
    doi = {10.1038/nmeth818},
    URL = {https://www.nature.com/articles/nmeth818},
    eprint = {https://www.nature.com/articles/nmeth818.pdf},
}

@article{Horton:2013,
  title     = {In vivo three-photon microscopy of subcortical structures within an intact mouse brain},
  author    = {Nicholas G. Horton and Ke Wang and Demirhan Kobat and Catharine G. Clark and Frank W. Wise and Chris B. Schaffer and Chris Xu},
  journal   = {Nature Photonics},
  volume    = {7},
  number    = {3},
  pages     = {205--209},
  year      = {2013},
  doi       = {10.1038/nphoton.2012.336},
  url       = {https://doi.org/10.1038/nphoton.2012.336},
  issn      = {1749-4893}
}


% Data set for the MotilA pipeline testing:
@misc{Gockel:2025,
  author       = {Nala Gockel and Nayadoleni Nieves-Rivera and Mélanie Druart and Külli Jaako and Falko Fuhrmann and Rebeka Rožkalne and Fabrizio Musacchio and Stefanie Poll and Baiba Jansone and Martin Fuhrmann and Corentin Le Magueresse},
  title        = {Example Datasets for Microglial Motility Analysis Using the MotilA Pipeline},
  year         = {2025},
  publisher    = {Zenodo},
  doi          = {10.5281/zenodo.15061566},
  url          = {https://doi.org/10.5281/zenodo.15061566},
  note         = {[Data set]}
}

% Paper using the MotilA pipeline:
@article {Crux:2024,
  author = {Sophie Crux and Marie Denise Roggan and Stefanie Poll and Felix C. Nebeling and Juliane Schiweck and Manuel Mittag and Fabrizio Musacchio and Julia Steffen and Katharina M. Wolff and Andrea Baral and Walter Witke and Christine Gurniak and Frank Bradke and Martin Fuhrmann},
	title = {Deficiency of actin depolymerizing factors ADF/Cfl1 in microglia decreases motility and impairs memory},
	elocation-id = {2024.09.27.615114},
	year = {2024},
	doi = {10.1101/2024.09.27.615114},
	publisher = {Cold Spring Harbor Laboratory},
	URL = {https://www.biorxiv.org/content/early/2024/09/29/2024.09.27.615114},
	eprint = {https://www.biorxiv.org/content/early/2024/09/29/2024.09.27.615114.full.pdf},
	journal = {bioRxiv}
}

@article {FFuhrmann:2024,
  author = {Falko Fuhrmann and Felix C. Nebeling and Fabrizio Musacchio and Manuel Mittag and Stefanie Poll and Monika M{\"u}ller and Eleonora Ambrad Giovannetti and Michael Maibach and Barbara Schaffran and Emily Burnside and Ivy Chi Wai Chan and Alex Simon Lagurin and Nicole Reichenbach and Sanjeev Kaushalya and Hans Fried and Stefan Linden and Gabor C. Petzold and Gaia Tavosanis and Frank Bradke and Martin Fuhrmann},
	title = {Three-photon in vivo imaging of neurons and glia in the medial prefrontal cortex with sub-cellular resolution},
	elocation-id = {2024.08.28.610026},
	year = {2024},
	doi = {10.1101/2024.08.28.610026},
	publisher = {Cold Spring Harbor Laboratory},
	URL = {https://www.biorxiv.org/content/early/2024/08/28/2024.08.28.610026},
	eprint = {https://www.biorxiv.org/content/early/2024/08/28/2024.08.28.610026.full.pdf},
	journal = {bioRxiv},
  note = {Fuhrmann, Nebelung, and Musacchio contributed equally to this work.},
  shortauthor = {Fuhrmann, Nebeling, Musacchio et al.}
}

% Registration:
@inproceedings{Kuglin:1975,
  author    = {C. D. Kuglin and D. C. Hines},
  title     = {The phase correlation image alignment method},
  booktitle = {Proceedings of the IEEE International Conference on Cybernetics and Society},
  year      = {1975},
  pages     = {163--165},
  address   = {New York, NY, USA},
}

@ARTICLE{Anuta:1970,
  author={Anuta, Paul E.},
  journal={IEEE Transactions on Geoscience Electronics}, 
  title={Spatial Registration of Multispectral and Multitemporal Digital Imagery Using Fast Fourier Transform Techniques}, 
  year={1970},
  volume={8},
  number={4},
  pages={353-368},
  keywords={Digital images;Fast Fourier transforms;Satellites;Optical filters;Image analysis;Photography;Space technology;Multispectral imaging;Cameras;Optical sensors},
  doi={10.1109/TGE.1970.271435}}

@article{GuizarSicairos:2008,
author = {Manuel Guizar-Sicairos and Samuel T. Thurman and James R. Fienup},
journal = {Opt. Lett.},
keywords = {Digital image processing; Image reconstruction-restoration; Pattern recognition; Phase retrieval; Biomedical imaging; Fourier transforms; Image quality; Image reconstruction; Image registration; Machine vision},
number = {2},
pages = {156--158},
publisher = {Optica Publishing Group},
title = {Efficient subpixel image registration algorithms},
volume = {33},
month = {Jan},
year = {2008},
url = {https://opg.optica.org/ol/abstract.cfm?URI=ol-33-2-156},
doi = {10.1364/OL.33.000156},
}

% scipy and numpy package:
@article{Virtanen:2020,
  title     = {SciPy 1.0: Fundamental Algorithms for Scientific Computing in Python},
  author    = {Pauli Virtanen and Ralf Gommers and Travis E. Oliphant and Matt Haberland and Tyler Reddy and David Cournapeau and Evgeni Burovski and Pearu Peterson and Warren Weckesser and Jonathan Bright and St{\'e}fan J. van der Walt and Matthew Brett and Joshua Wilson and K. Jarrod Millman and Nikolay Mayorov and Andrew R. J. Nelson and Eric Jones and Robert Kern and Eric Larson and C J Carey and {\.I}lhan Polat and Yu Feng and Eric W. Moore and Jake VanderPlas and Denis Laxalde and Josef Perktold and Robert Cimrman and Ian Henriksen and E. A. Quintero and Charles R. Harris and Anne M. Archibald and Ant{\^o}nio H. Ribeiro and Fabian Pedregosa and Paul van Mulbregt and SciPy 1.0 Contributors},
  journal   = {Nature Methods},
  volume    = {17},
  pages     = {261--272},
  year      = {2020},
  doi       = {10.1038/s41592-019-0686-2},
  url       = {https://doi.org/10.1038/s41592-019-0686-2}
}

@article{Harris:2020,
  title     = {Array programming with {NumPy}},
  author    = {Charles R. Harris and K. Jarrod Millman and St{\'e}fan J. van der Walt and Ralf Gommers and Pauli Virtanen and David Cournapeau and Eric Wieser and Julian Taylor and Sebastian Berg and Nathaniel J. Smith and Robert Kern and Matti Picus and Stephan Hoyer and Marten H. van Kerkwijk and Matthew Brett and Alec Haldane and Jaime Fern{\'a}ndez del R{\'i}o and Mark Wiebe and Pearu Peterson and Pierre G{\'e}rard-Marchant and Kevin Sheppard and Tyler Reddy and Warren Weckesser and Hameer Abbasi and Christoph Gohlke and Travis E. Oliphant},
  journal   = {Nature},
  volume    = {585},
  number    = {7825},
  pages     = {357--362},
  year      = {2020},
  doi       = {10.1038/s41586-020-2649-2},
  url       = {https://doi.org/10.1038/s41586-020-2649-2}
}

% scikit-image package:
@article{Walt:2014,
  title     = {scikit-image: image processing in Python},
  author    = {St{\'e}fan van der Walt and Johannes L. Sch{\"o}nberger and Juan Nunez-Iglesias and Fran{\c{c}}ois Boulogne and Joshua D. Warner and Neil Yager and Emmanuelle Gouillart and Tony Yu and the scikit-image contributors},
  journal   = {PeerJ},
  volume    = {2},
  pages     = {e453},
  year      = {2014},
  publisher = {PeerJ Inc.},
  doi       = {10.7717/peerj.453},
  url       = {https://doi.org/10.7717/peerj.453}
}


% tifffile:
@software{Gohlke:2025,
  author       = {Christoph Gohlke},
  title        = {tifffile: Read and write image data from and to TIFF files},
  year         = {2025},
  publisher    = {Zenodo},
  doi          = {10.5281/zenodo.6795860},
  url          = {https://pypi.org/project/tifffile/},
  version      = {2025.3.13}
}

% ZARR:
@software{Miles:2025,
  author       = {Alistair Miles and jakirkham and Joe Hamman and Dimitri Papadopoulos Orfanos and David Stansby and M Bussonnier and Josh Moore and Davis Bennett and Tom Augspurger and Norman Rzepka and Deepak Cherian and Sanket Verma and James Bourbeau and Andrew Fulton and Ryan Abernathey and Gregory Lee and Hannes Spitz and Mads R. B. Kristensen and Max Jones and Vincent Schut},
  title        = {zarr-developers/zarr-python: v3.0.6},
  year         = {2025},
  publisher    = {Zenodo},
  version      = {v3.0.6},
  doi          = {10.5281/zenodo.3773449},
  url          = {https://doi.org/10.5281/zenodo.3773449}
}

% histogram equalization (CLAHE):
@article{Pizer:1987,
  author       = {Stephen M. Pizer and E. Philip Amburn and John D. Austin and Robert Cromartie and Ari Geselowitz and Trey Greer and Bart ter Haar Romeny and John B. Zimmerman and Karel Zuiderveld},
  title        = {Adaptive histogram equalization and its variations},
  journal      = {Computer Vision, Graphics, and Image Processing},
  volume       = {39},
  number       = {3},
  pages        = {355--368},
  year         = {1987},
  publisher    = {Elsevier},
  doi          = {10.1016/S0734-189X(87)80186-X},
  url          = {https://www.sciencedirect.com/science/article/pii/S0734189X8780186X},
  issn         = {0734-189X}
}

% thresholding methods:
@article{Ridler:1978,
  title     = {Picture thresholding using an iterative selection method},
  author    = {T. W. Ridler and S. Calvard and Full name},
  journal   = {IEEE Transactions on Systems, Man, and Cybernetics},
  volume    = {8},
  number    = {8},
  pages     = {630--632},
  year      = {1978},
  doi       = {10.1109/TSMC.1978.4310039}
}

@article{Otsu:1979,
  title     = {A threshold selection method from gray-level histograms},
  author    = {Otsu, Nobuyuki},
  journal   = {IEEE Transactions on Systems, Man, and Cybernetics},
  volume    = {9},
  number    = {1},
  pages     = {62--66},
  year      = {1979},
  doi       = {10.1109/TSMC.1979.4310076}
}

@article{Li:1998,
  title     = {An iterative algorithm for minimum cross entropy thresholding},
  author    = {C. H. Li and P. K. S. Tam},
  journal   = {Pattern Recognition Letters},
  volume    = {18},
  number    = {8},
  pages     = {771--776},
  year      = {1998},
  doi       = {10.1016/S0167-8655(98)00057-9}
}

@article{Glasbey:1993,
  title     = {An analysis of histogram-based thresholding algorithms},
  author    = {Glasbey, Chris A.},
  journal   = {CVGIP: Graphical Models and Image Processing},
  volume    = {55},
  number    = {6},
  pages     = {532--537},
  year      = {1993},
  doi       = {10.1006/cgip.1993.1040}
}

@article{Prewitt:1966,
  title     = {The analysis of cell images},
  author    = {J. M. S. Prewitt and M. L. Mendelsohn},
  journal   = {Annals of the New York Academy of Sciences},
  volume    = {128},
  number    = {3},
  pages     = {1035--1053},
  year      = {1966},
  doi       = {10.1111/j.1749-6632.1965.tb11715.x}
}

@article{Zack:1977,
  title     = {Automatic measurement of sister chromatid exchange frequency},
  author    = {Gary W. Zack and William E. Rogers and Samuel A. Latt},
  journal   = {Journal of Histochemistry \& Cytochemistry},
  volume    = {25},
  number    = {7},
  pages     = {741--753},
  year      = {1977},
  doi       = {10.1177/25.7.70454}
}

@article{Yen:1995,
  title     = {A new criterion for automatic multilevel thresholding},
  author    = {Jui-Chang Yen and Fu-Ju Chang and Shiou-Jyh Chang},
  journal   = {IEEE Transactions on Image Processing},
  volume    = {4},
  number    = {3},
  pages     = {370--378},
  year      = {1995},
  doi       = {10.1109/83.366472}
}

% blob detection:
@article{Fiorio:1996,
  title     = {Two linear time Union-Find strategies for image processing},
  author    = {Christophe Fiorio and Jens Gustedt},
  journal   = {Theoretical Computer Science},
  volume    = {154},
  pages     = {165--181},
  year      = {1996},
  publisher = {Elsevier},
  doi       = {10.1016/0304-3975(94)00262-2}
}

@techreport{Wu:2005,
  author      = {Kensheng Wu and Ekow Otoo and Arie Shoshani},
  title       = {Optimizing Connected Component Labeling Algorithms},
  institution = {Lawrence Berkeley National Laboratory, University of California},
  year        = {2005},
  number      = {LBNL-56864},
  url         = {http://repositories.cdlib.org/lbnl/LBNL-56864},
  type        = {Technical Report},
  doi         = {10.1117/12.596105},
}

% On the human BIAS in data/image analysis:
@article{Lee:2024,
    author = {Rachel M. Lee and Leanna R. Eisenman and Satya Khuon and Jesse S. Aaron and Teng-Leong Chew},
    title = {Believing is seeing – the deceptive influence of bias in quantitative microscopy},
    journal = {Journal of Cell Science},
    volume = {137},
    number = {1},
    pages = {jcs261567},
    year = {2024},
    month = {01},
    issn = {0021-9533},
    doi = {10.1242/jcs.261567},
    url = {https://doi.org/10.1242/jcs.261567},
    eprint = {https://journals.biologists.com/jcs/article-pdf/137/1/jcs261567/3343029/jcs261567.pdf},
}

@Inbook{Wall:2018,
  author="Emily Wall and Leslie M. Blaha and Celeste Lyn Paul and Kristin Cook and Alex Endert",
  editor="Ellis, Geoffrey",
  title="Four Perspectives on Human Bias in Visual Analytics",
  bookTitle="Cognitive Biases in Visualizations",
  year="2018",
  publisher="Springer International Publishing",
  address="Cham",
  pages="29--42",
  isbn="978-3-319-95831-6",
  doi="10.1007/978-3-319-95831-6_3",
  url="https://doi.org/10.1007/978-3-319-95831-6_3"
}


@article{Misra:2015,
  title={Seeing through the Human Reporting Bias: Visual Classifiers from Noisy Human-Centric Labels},
  author={Ishan Misra and C. Lawrence Zitnick and Margaret Mitchell and Ross B. Girshick},
  journal={2016 IEEE Conference on Computer Vision and Pattern Recognition (CVPR)},
  year={2015},
  pages={2930-2939},
  url={https://api.semanticscholar.org/CorpusID:3039286},
  doi={10.1109/cvpr.2016.320},
}

@article{Brown:2017,
  title     = {Bias in image analysis and its solution: unbiased stereology},
  author    = {Brown, Danielle L.},
  journal   = {Journal of Toxicologic Pathology},
  volume    = {30},
  number    = {3},
  pages     = {183--191},
  year      = {2017},
  doi       = {10.1293/tox.2017-0013},
  url       = {https://doi.org/10.1293/tox.2017-0013}
}

% FIJI and ZEN:
@article{Schindelin:2012,
  title={Fiji: an open-source platform for biological-image analysis},
  author={Johannes Schindelin and Ignacio Arganda-Carreras and Erwin Frise and Verena Kaynig and Mark Longair and Tobias Pietzsch and Stephan Preibisch and Curtis Rueden and Stephan Saalfeld and Benjamin Schmid and others},
  journal={Nature Methods},
  volume={9},
  number={7},
  pages={676--682},
  year={2012},
  publisher={Nature Publishing Group},
  doi={10.1038/nmeth.2019}
}

@misc{ZeissZEN:2025,
  author       = {{Carl Zeiss Microscopy GmbH}},
  title        = {{ZEISS ZEN Microscopy Software}},
  year         = {Accessed 2025},
  howpublished = {\url{https://www.zeiss.com/metrology/en/software/zeiss-zen-core.html}},
  note         = {Software, version (specify version if known)}
}


% The MotilA pipeline itself:
@software{Musacchio:2025,
  author       = {Fabrizio Musacchio and Sophie Crux and Felix Nebeling and Nala Gockel and Martin Fuhrmann},
  title        = {MotilA: A pipeline for microglial fine process motility analysis},
  year         = {2025},
  url          = {https://github.com/FabrizioMusacchio/motila},
  version      = {1.0.0},
  note         = {Accessed: 2025-03-25},
}

